@misc{darwin,
  title = {{Darwin, a Game of Survival of the Fittest among Programs}},
  author = {Douglas McIlroy },
  howpublished = {\url{http://www.cs.dartmouth.edu/~doug/darwin.pdf}},
  note = {[Online; accessed September 23, 2015]}
}
@misc{pg,
  title = {{ProgrammingGames}},
  author = {Wiki},
  howpublished = {\url{http://programminggames.org/}},
  note = {[Online; accessed September 23, 2015]}
}
@misc{ccombat,
  title = {{CodeCombat}},
  author = {{CodeCombat Team}},
  howpublished = {\url{https://codecombat.com/}},
  note = {[Online; accessed September 23, 2015]}
}
@misc{eda,
  title = {{EDA, Estructures de Dades i Algorismes}},
  author = {Jordi Petit},
  howpublished = {\url{http://www.cs.upc.edu/eda/}},
  note = {[Online; accessed September 23, 2015]}
}
@misc{jutge,
  title = {Jutge.org},
  author = {Jordi Petit and Salvador Roura},
  howpublished = {\url{https://jutge.org}},
  note = {[Online; accessed September 23, 2015]}
}
@misc{spacechem,
  title = {{SpaceChem}},
  author = {Zachtronics},
  howpublished = {\url{http://www.zachtronics.com/spacechem/}},
  note = {[Online; accessed September 23, 2015]}
}
@misc{robotgame,
  title = {{Robot Game}},
  author = {Peter Wen},
  howpublished = {\url{https://robotgame.net/}},
  note = {[Online; accessed September 23, 2015]}
}
@misc{golang,
  title = {{The Go Programming Language}},
  author = {Google},
  howpublished = {\url{https://golang.org/}},
  note = {[Online; accessed September 23, 2015]}
}
@misc{tdd,
  title = {{Test-driven development}},
  author = {Martin Fowler},
  howpublished = {\url{http://martinfowler.com/bliki/TestDrivenDevelopment.html}},
  note = {[Online; accessed September 23, 2015]}
}
@misc{it,
  title = {{Integration Testing}},
  author = {Microsoft},
  howpublished = {\url{https://msdn.microsoft.com/en-us/library/aa292128(v=vs.71).aspx}},
  note = {[Online; accessed September 23, 2015]}
}
@book{tdd_by_example,
  title = {{Test Driven Development: By Example}},
  author = {Kent Beck},
  publisher = {Addison-Wesley},
  year = {2003},
  note = {ISBN: 0321146530},
  edition = {1st}
}
@book{ci,
  title = {{Continuous Integration: Improving Software Quality and Reducing Risk}},
  author = {Paul M. Duvall},
  publisher = {Addison-Wesley},
  year = {2007},
  note = {ISBN: 9780321336385},
  edition = {1st}
}
@book{iterative_methodology,
  title = {{Agile and Iterative Development: A Manager's Guide}},
  author = {Craig Larman},
  publisher = {Addison-Wesley},
  year = {2004},
  note = {ISBN: 0131111558},
  edition = {1st}
}
@book{sustainability_report,
  title = {{The economy of the common good}},
  author = {Felber, C.},
  publisher = {Deusto SA Editions},
  year = {2011},
  note = {ISBN: 9788423412808}
}
@misc{co2,
  title = {{How much carbon dioxide is produced per kilowatthour when generating electricity with fossil fuels?}},
  author = {U.S. Energy Information Administration},
  howpublished = {\url{http://www.eia.gov/tools/faqs/faq.cfm?id=74&t=11}},
  note = {[Online; accessed October 18, 2015]}
}
@misc{jwt,
  title = {{JSON Web Tokens}},
  howpublished = {\url{https://jwt.io/}},
  note = {[Online; accessed December 18, 2015]}
}
@misc{galcon,
  title = {Galcon},
  author = {Phil Hassey},
  howpublished = {\url{http://www.galcon.com/}},
  note = {[Online; accessed December 18, 2015]}
}
@misc{planet_wars,
  title = {{Planet Wars}},
  author = {University of Waterloo. Google},
  howpublished = {\url{http://planetwars.aichallenge.org/}},
  note = {[Online; accessed December 18, 2015]}
}
