@misc{darwin,
  title = {{Darwin, a Game of Survival of the Fittest among Programs}},
  author = {Douglas McIlroy },
  howpublished = {\url{http://www.cs.dartmouth.edu/~doug/darwin.pdf}},
  note = {[Online; accessed September 23, 2015]}
}
@misc{pg,
  title = {{ProgrammingGames}},
  author = {Wiki},
  howpublished = {\url{http://programminggames.org/}},
  note = {[Online; accessed September 23, 2015]}
}
@misc{ccombat,
  title = {{CodeCombat}},
  author = {{CodeCombat Team}},
  howpublished = {\url{https://codecombat.com/}},
  note = {[Online; accessed September 23, 2015]}
}
@misc{eda,
  title = {{EDA, Estructures de Dades i Algorismes}},
  author = {Jordi Petit},
  howpublished = {\url{http://www.cs.upc.edu/eda/}},
  note = {[Online; accessed September 23, 2015]}
}
@misc{jutge,
  title = {Jutge.org},
  author = {Jordi Petit and Salvador Roura},
  howpublished = {\url{https://jutge.org}},
  note = {[Online; accessed September 23, 2015]}
}
@misc{spacechem,
  title = {{SpaceChem}},
  author = {Zachtronics},
  howpublished = {\url{http://www.zachtronics.com/spacechem/}},
  note = {[Online; accessed September 23, 2015]}
}
@misc{robotgame,
  title = {{Robot Game}},
  author = {Peter Wen},
  howpublished = {\url{https://robotgame.net/}},
  note = {[Online; accessed September 23, 2015]}
}
@misc{golang,
  title = {{The Go Programming Language}},
  author = {Google},
  howpublished = {\url{https://golang.org/}},
  note = {[Online; accessed September 23, 2015]}
}
@misc{tdd,
  title = {{Test-driven development}},
  author = {Martin Fowler},
  howpublished = {\url{http://martinfowler.com/bliki/TestDrivenDevelopment.html}},
  note = {[Online; accessed September 23, 2015]}
}
@misc{it,
  title = {{Integration Testing}},
  author = {Microsoft},
  howpublished = {\url{https://msdn.microsoft.com/en-us/library/aa292128(v=vs.71).aspx}},
  note = {[Online; accessed September 23, 2015]}
}
@book{tdd_by_example,
  title = {{Test Driven Development: By Example}},
  author = {Kent Beck},
  publisher = {Addison-Wesley},
  year = {2003},
  note = {ISBN: 0321146530},
  edition = {1st}
}
@book{ci,
  title = {{Continuous Integration: Improving Software Quality and Reducing Risk}},
  author = {Paul M. Duvall},
  publisher = {Addison-Wesley},
  year = {2007},
  note = {ISBN: 9780321336385},
  edition = {1st}
}
@book{iterative_methodology,
  title = {{Agile and Iterative Development: A Manager's Guide}},
  author = {Craig Larman},
  publisher = {Addison-Wesley},
  year = {2004},
  note = {ISBN: 0131111558},
  edition = {1st}
}
@book{sustainability_report,
  title = {{The economy of the common good}},
  author = {Felber, C.},
  publisher = {Deusto SA Editions},
  year = {2011},
  note = {ISBN: 9788423412808}
}
@misc{co2,
  title = {{How much carbon dioxide is produced per kilowatthour when generating electricity with fossil fuels?}},
  author = {U.S. Energy Information Administration},
  howpublished = {\url{http://www.eia.gov/tools/faqs/faq.cfm?id=74&t=11}},
  note = {[Online; accessed October 18, 2015]}
}
@misc{jwt,
  title = {{JSON Web Tokens}},
  howpublished = {\url{https://jwt.io/}},
  note = {[Online; accessed December 18, 2015]}
}
@misc{galcon,
  title = {Galcon},
  author = {Phil Hassey},
  howpublished = {\url{http://www.galcon.com/}},
  note = {[Online; accessed December 18, 2015]}
}
@misc{planet_wars,
  title = {{Planet Wars}},
  author = {University of Waterloo. Google},
  howpublished = {\url{http://planetwars.aichallenge.org/}},
  note = {[Online; accessed December 18, 2015]}
}
@misc{zeromq,
  title = {{ZeroMQ. Distributed Messaging}},
  author = {iMatix Corporation},
  howpublished = {\url{http://zeromq.org/}},
  note = {[Online; accessed December 18, 2015]}
}
@misc{event_sourcing,
  title = {{Event Sourcing}},
  author = {Martin Fowler},
  howpublished = {\url{http://martinfowler.com/eaaDev/EventSourcing.html}},
  note = {[Online; accessed January 10, 2016]}
}
@misc{google_ai,
  title = {{AI programming challenge}},
  author = {University of Waterloo},
  howpublished = {\url{http://aichallenge.org/}},
  note = {[Online; accessed January 14, 2016]}
}
@misc{battlecode,
  title = {{BattleCode - AI Programming Competition}},
  author = {MIT},
  howpublished = {\url{https://www.battlecode.org/}},
  note = {[Online; accessed January 14, 2016]}
}
@misc{codingame,
  title = {{CodinGame - Programming is fun}},
  author = {CodingGame},
  howpublished = {\url{https://www.codingame.com/}},
  note = {[Online; accessed January 14, 2016]}
}
@misc{linode,
  title = {{SSD Cloud Hosting}},
  author = {Linode, LLC},
  howpublished = {\url{http://www.linode.com/}},
  note = {[Online; accessed January 14, 2016]}
}
@misc{aws,
  title = {{Amazon Web Services}},
  author = {Amazon.com Inc},
  howpublished = {\url{https://aws.amazon.com}},
  note = {[Online; accessed January 14, 2016]}
}
@misc{digital_ocean,
  title = {{Simple Cloud Infrastructure}},
  author = {DigitalOcean Inc.},
  howpublished = {\url{https://www.digitalocean.com/}},
  note = {[Online; accessed January 14, 2016]}
}
@misc{semaphoreci,
  title = {{Semaphore - Continuous Integration}},
  author = {Semaphore},
  howpublished = {\url{https://semaphoreci.com/}},
  note = {[Online; accessed January 14, 2016]}
}
@misc{travisci,
  title = {{Travis - Test and Deploy Your Code with Confidence}},
  author = {Travis CI GmbH},
  howpublished = {\url{https://travis-ci.org/}},
  note = {[Online; accessed January 14, 2016]}
}
@misc{circleci,
  title = {{Continuous Integration and Deployment - CircleCI}},
  author = {CircleCI},
  howpublished = {\url{https://circleci.com/}},
  note = {[Online; accessed January 14, 2016]}
}
@misc{apache,
  title = {{Welcome - The Apache HTTP Server Project}},
  author = {The Apache Software Foundation},
  howpublished = {\url{https://httpd.apache.org/}},
  note = {[Online; accessed January 14, 2016]}
}
@misc{nginx,
  title = {{nginx news}},
  author = {Nginx, Inc.},
  howpublished = {\url{http://nginx.org/}},
  note = {[Online; accessed January 14, 2016]}
}
@misc{milky_way_concept,
  title = {{Artist's impression of the Milky Way}},
  author = {NASA/JPL-Caltech/ESO/R. Hurt},
  howpublished = {\url{http://www.eso.org/public/images/eso1339e/}},
  note = {[Online; accessed January 20, 2016]}
}
@misc{galaxy_shapes,
  title = {{Types and Classification of Galaxies}},
  author = {Cornell University},
  howpublished = {\url{http://www.astro.cornell.edu/academics/courses/astro201/galaxies/types.htm}},
  note = {[Online; accessed January 20, 2016]}
}
@misc{spiral_equations,
  title = {{Spirals}},
  author = {Jürgen Köller},
  howpublished = {\url{http://www.mathematische-basteleien.de/spiral.htm}},
  note = {[Online; accessed January 20, 2016]}
}
@misc{identicons,
  title = {{Identicons!}},
  author = {GitHub, Inc.},
  howpublished = {\url{https://github.com/blog/1586-identicons}},
  note = {[Online; accessed January 20, 2016]}
}
@misc{mersenne_twister,
  title = {{What \& how is MT?}},
  author = {Makoto Matsumoto},
  howpublished = {\url{http://www.math.sci.hiroshima-u.ac.jp/~m-mat/MT/ewhat-is-mt.html}},
  note = {[Online; accessed January 20, 2016]}
}
